@book{Kell2003,
address = {Philadelphia},
author = {Kelley, C T},
booktitle = {Solving nonlinear equations with Newton's method},
institution = {Books24x7, Inc},
isbn = {9780898715460},
keywords = {Iterative methods (Mathematics),Newton-Raphson method,Nonlinear theories},
publisher = {Society for Industrial and Applied Mathematics},
series = {Fundamentals of Algorithms},
title = {{Solving nonlinear equations with Newton's method}},
year = {2003}
}

@book{jeda2008,
address = {Burlington, MA},
author = {Jeffrey, Alan. and Dai, Hui-Hui},
edition = {4th ed. /},
keywords = {Mathematics -- Tables},
publisher = {Academic Press/Elsevier},
title = {{Handbook of mathematical formulas and integrals}},
year = {2008}
}

@book{hojo1985,
address = {Cambridge},
author = {Horn, Roger A and Johnson, Charles R},
booktitle = {Matrix analysis},
isbn = {9780511810817},
keywords = {Matrices},
publisher = {Cambridge University Press},
title = {{Matrix analysis}},
year = {1985}
}
